<record><leader>00000cas a22000007a 4500</leader><controlfield tag="001">33192547</controlfield><controlfield tag="008">950923d19321937okuwr n       0    0eng d</controlfield><datafield ind1=" " ind2=" " tag="010"><subfield code="a">sn 95076119 </subfield></datafield><datafield ind1=" " ind2=" " tag="040"><subfield code="a">OBN</subfield><subfield code="b">eng</subfield><subfield code="c">OBN</subfield><subfield code="d">DLC</subfield><subfield code="d">OCLCQ</subfield><subfield code="d">OCLCO</subfield></datafield><datafield ind1="1" ind2=" " tag="029"><subfield code="a">AU@</subfield><subfield code="b">000025853514</subfield></datafield><datafield ind1=" " ind2=" " tag="042"><subfield code="a">msc</subfield></datafield><datafield ind1=" " ind2=" " tag="043"><subfield code="a">n-us-ok</subfield></datafield><datafield ind1="0" ind2="0" tag="245"><subfield code="a">Carney weekly citizen.</subfield></datafield><datafield ind1="3" ind2=" " tag="246"><subfield code="a">Carney citizen</subfield></datafield><datafield ind1="3" ind2=" " tag="246"><subfield code="a">Lincoln County leader</subfield></datafield><datafield ind1=" " ind2=" " tag="260"><subfield code="a">Carney, Lincoln County, Okla. :</subfield><subfield code="b">M.W. Gene O'Bleness</subfield></datafield><datafield ind1=" " ind2=" " tag="300"><subfield code="a">v.</subfield></datafield><datafield ind1=" " ind2=" " tag="310"><subfield code="a">Weekly</subfield></datafield><datafield ind1="0" ind2=" " tag="362"><subfield code="a">-v. 6, no. 47 (May 6, 1937).</subfield></datafield><datafield ind1="1" ind2=" " tag="362"><subfield code="a">Began in 1932.</subfield></datafield><datafield ind1=" " ind2=" " tag="588"><subfield code="a">Description based on: Vol. 4, no. 46 (May 2, 1935).</subfield></datafield><datafield ind1=" " ind2="0" tag="651"><subfield code="a">Carney (Okla.)</subfield><subfield code="v">Newspapers.</subfield></datafield><datafield ind1=" " ind2="0" tag="651"><subfield code="a">Lincoln County (Okla.)</subfield><subfield code="v">Newspapers.</subfield></datafield><datafield ind1=" " ind2=" " tag="752"><subfield code="a">United States</subfield><subfield code="b">Oklahoma</subfield><subfield code="c">Lincoln</subfield><subfield code="d">Carney.</subfield></datafield><datafield ind1="0" ind2="0" tag="785"><subfield code="t">Citizen (Chandler, Okla.)</subfield><subfield code="w">(DLC)sn 95076120</subfield><subfield code="w">(OCoLC)33192557</subfield></datafield></record>